% This file was created with JabRef 2.6.
% Encoding: UTF8
@ARTICLE{cite_docomo1, 
author={Saito, Y. and Kishiyama, Y. and Benjebbour, A. and Nakamura, T. and Anxin Li and Higuchi, K.}, 
journal={Proceedings of IEEE Vehicular Technology Conference (VTC Spring)}, 
title={{Non-Orthogonal Multiple Access (NOMA) for Cellular Future Radio Access}}, 
year={2013}, 
month={June}, 
pages={1-5},
doi={10.1109/VTCSpring.2013.6692652}, 
ISSN={1550-2252},}

@ARTICLE{cite_docomo2, 
author={Tomida, S. and Higuchi, K.}, 
journal={Proceedings of IEEE Intelligent Signal Processing and Communications Systems (ISPACS)}, 
title={{Non-orthogonal Access with SIC in Cellular Downlink for User Fairness Enhancement}}, 
year={2011}, 
month={Dec}, 
pages={1-6}, 
doi={10.1109/ISPACS.2011.6146188},}

@ARTICLE{cite_docomo3, 
author={Umehara, J. and Kishiyama, Y. and Higuchi, K.}, 
journal={Proceedings of IEEE Communication Systems (ICCS)}, 
title={{Enhancing User Fairness in Non-orthogonal Access with Successive Interference Cancellation for Cellular Downlink}}, 
year={2012}, 
month={Nov}, 
pages={324-328}, 
ISSN={Pending},}

@ARTICLE{cite_bell1,
author={{Joerg Schaepperle} and {Andreas Rüegg}},
journal={Bell Labs Technical Journal},
title={{Enhancement of Throughput and Fairness in 4G Wireless Access Systems by Non-orthogonal Signaling}},
year={2009},
volume={13},
number={4},
pages={59–77},
doi={10.1002/bltj.20336},
}

@ARTICLE{cite_bell2, 
author={Rüegg, A. and Tarable, A.}, 
journal={Proceedings of IEEE Personal Indoor and Mobile Radio Communications (PIMRC)}, 
title={{Iterative SIC Receiver Scheme For Non-orthogonally Superimposed Signals on Top of OFDMA}}, 
year={2010}, 
month={Sept}, 
pages={156-161}, 
doi={10.1109/PIMRC.2010.5671952},}