% This file was created with JabRef 2.6.
% Encoding: UTF8
@ARTICLE{cite_docomo1, 
author={Saito, Y. and Kishiyama, Y. and Benjebbour, A. and Nakamura, T. and Anxin Li and Higuchi, K.}, 
journal={Proceedings of IEEE Vehicular Technology Conference (VTC Spring)}, 
title={{Non-Orthogonal Multiple Access (NOMA) for Cellular Future Radio Access}}, 
year={2013}, 
month={June}, 
pages={1-5},
doi={10.1109/VTCSpring.2013.6692652}, 
ISSN={1550-2252},}

@ARTICLE{cite_docomo2, 
author={Tomida, S. and Higuchi, K.}, 
journal={Proceedings of IEEE Intelligent Signal Processing and Communications Systems (ISPACS)}, 
title={{Non-orthogonal Access with SIC in Cellular Downlink for User Fairness Enhancement}}, 
year={2011}, 
month={Dec}, 
pages={1-6}, 
doi={10.1109/ISPACS.2011.6146188},}

@ARTICLE{cite_docomo3, 
author={Umehara, J. and Kishiyama, Y. and Higuchi, K.}, 
journal={Proceedings of IEEE Communication Systems (ICCS)}, 
title={{Enhancing User Fairness in Non-orthogonal Access with Successive Interference Cancellation for Cellular Downlink}}, 
year={2012}, 
month={Nov}, 
pages={324-328}, 
ISSN={Pending},}

@ARTICLE{cite_bell1,
author={{Joerg Schaepperle} and {Andreas Rüegg}},
journal={Bell Labs Technical Journal},
title={{Enhancement of Throughput and Fairness in 4G Wireless Access Systems by Non-orthogonal Signaling}},
year={2009},
volume={13},
number={4},
pages={59–77},
doi={10.1002/bltj.20336},
}

@ARTICLE{cite_bell2, 
author={Rüegg, A. and Tarable, A.}, 
journal={Proceedings of IEEE Personal Indoor and Mobile Radio Communications (PIMRC)}, 
title={{Iterative SIC Receiver Scheme For Non-orthogonally Superimposed Signals on Top of OFDMA}}, 
year={2010}, 
month={Sept}, 
pages={156-161}, 
doi={10.1109/PIMRC.2010.5671952},
}

@INPROCEEDINGS{Non-orthogonal_Access_with_Random_Beamforming_and_Intra-beam_SIC_for_Cellular_MIMO_Downlink, 
author={Higuchi, K. and Kishiyama, Y.}, 
booktitle={78th Vehicular Technology Conference (VTC Fall)}, 
title={Non-Orthogonal Access with Random Beamforming and Intra-Beam SIC for Cellular MIMO Downlink}, 
year={2013}, 
month={Sept}, 
pages={1-5}, 
keywords={Long Term Evolution;array signal processing;channel estimation;precoding;radio transmitters;radiofrequency interference;telecommunication signalling;LTE-advanced;SIC receiver;cell-edge user throughput;cellular MIMO downlink;channel estimation;downlink reference signaling;feedback information;inter-user interference;intra-beam superposition coding;intrabeam successive interference canceller;multiple-input multiple-output downlink;multiuser signal;nonorthogonal access;nonorthogonal multiuser multiplexing;precoding;random beamforming;spatial filtering;transmitter;Array signal processing;Encoding;Interference;Receivers;Resource management;Silicon carbide;Throughput}, 
doi={10.1109/VTCFall.2013.6692307}, 
ISSN={1090-3038},}

@INPROCEEDINGS{A_Successive_Interference_Cancellation_Scheme_for_an_OFDM_system, 
author={Edward Leung and Paul Ho}, 
booktitle={ICC 98, IEEE International Conference on Communications}, 
title={A successive interference cancellation scheme for an ODFM system}, 
year={1998}, 
month={Jun}, 
volume={1}, 
pages={375-379 vol.1}, 
keywords={Rayleigh channels;adjacent channel interference;error statistics;fading;frequency division multiplexing;interference suppression;multipath channels;parameter estimation;quadrature phase shift keying;Doppler frequency;ODFM system;OFDM frame;QPSK;Rayleigh frequency selective channel;channel estimation;channel gain;error floor;interchannel interference;interchannel interference reduction;multipath fading channel;orthogonal frequency division multiplexing;pilot symbols;receiver;successive interference cancellation;time variations;Channel estimation;Delay effects;Delay estimation;Discrete Fourier transforms;Fading;Frequency estimation;Interchannel interference;Interference cancellation;OFDM;Silicon carbide}, 
doi={10.1109/ICC.1998.682876},}

@ARTICLE{Scheduling_Wireless_Links_with_Successive_Interference_Cancellation,
author={Goussevskaia, O. and Wattenhofer, R.}, 
journal={ICCCN}, 
title={Scheduling Wireless Links with Successive Interference Cancellation}, 
year={2012}, 
month={July}, 
pages={1-7}, 
doi={10.1109/ICCCN.2012.6289255},
}

